@article{cox2015success,
  title={How is success defined and measured in online citizen science? A case study of Zooniverse projects},
  author={Cox, Joe and Oh, Eun Young and Simmons, Brooke and Lintott, Chris and Masters, Karen and Graham, Gary and Greenhill, Anita and Holmes, Kate},
  year={2015},
  publisher={IEEE}
}

@inproceedings{wiggins2011conservation,
  title={From conservation to crowdsourcing: A typology of citizen science},
  author={Wiggins, Andrea and Crowston, Kevin},
  booktitle={System Sciences (HICSS), 2011 44th Hawaii international conference on},
  pages={1--10},
  year={2011},
  organization={IEEE}
}

@article{luczak2014won,
  title={Why won't aliens talk to us? Content and community dynamics in online citizen science},
  author={Luczak-Roesch, Markus and Tinati, Ramine and Simperl, Elena and Van Kleek, Max and Shadbolt, Nigel and Simpson, Robert},
  year={2014}
}

@inproceedings{mattos2014mission,
  title={A mission-oriented citizen science platform for efficient flower classification based on combination of feature descriptors.},
  author={Mattos, Andr{\'e}a Britto and Herrmann, Ricardo and Shigeno, Kelly Kiyumi and Feris, Rogerio},
  booktitle={EMR@ ICMR},
  pages={45--52},
  year={2014}
}

@article{catlin2012citizen,
  title={The citizen science landscape: from volunteers to citizen sensors and beyond},
  author={Catlin-Groves, Christina L},
  journal={International Journal of Zoology},
  volume={2012},
  year={2012},
  publisher={Hindawi Publishing Corporation}
}

@article{newman2012future,
  title={The future of citizen science: emerging technologies and shifting paradigms},
  author={Newman, Greg and Wiggins, Andrea and Crall, Alycia and Graham, Eric and Newman, Sarah and Crowston, Kevin},
  journal={Frontiers in Ecology and the Environment},
  volume={10},
  number={6},
  pages={298--304},
  year={2012},
  publisher={Eco Soc America}
}

@article{nov2014scientists,
  title={Scientists@ home: what drives the quantity and quality of online citizen science participation},
  author={Nov, Oded and Arazy, Ofer and Anderson, David},
  journal={PloS one},
  volume={9},
  number={4},
  pages={e90375},
  year={2014},
  publisher={Public Library of Science}
}

@inproceedings{nov2011dusting,
  title={Dusting for science: motivation and participation of digital citizen science volunteers},
  author={Nov, Oded and Arazy, Ofer and Anderson, David},
  booktitle={Proceedings of the 2011 iConference},
  pages={68--74},
  year={2011},
  organization={ACM}
}

@article{khatib2011algorithm,
  title={Algorithm discovery by protein folding game players},
  author={Khatib, Firas and Cooper, Seth and Tyka, Michael D and Xu, Kefan and Makedon, Ilya and Popovi{\'c}, Zoran and Baker, David and Players, Foldit},
  journal={Proceedings of the National Academy of Sciences},
  volume={108},
  number={47},
  pages={18949--18953},
  year={2011},
  publisher={National Acad Sciences}
}

@article{lee2014rna,
  title={RNA design rules from a massive open laboratory},
  author={Lee, Jeehyung and Kladwang, Wipapat and Lee, Minjae and Cantu, Daniel and Azizyan, Martin and Kim, Hanjoo and Limpaecher, Alex and Yoon, Sungroh and Treuille, Adrien and Das, Rhiju},
  journal={Proceedings of the National Academy of Sciences},
  volume={111},
  number={6},
  pages={2122--2127},
  year={2014},
  publisher={National Acad Sciences}
}

@article{sandbrook2015digital,
  title={Digital Games and Biodiversity Conservation},
  author={Sandbrook, Chris and Adams, William M and Monteferri, Bruno},
  journal={Conservation Letters},
  volume={8},
  number={2},
  pages={118--124},
  year={2015},
  publisher={Wiley Online Library}
}

@article{gaydos2012role,
  title={Role playing games for scientific citizenship},
  author={Gaydos, Matthew J and Squire, Kurt D},
  journal={Cultural Studies of Science Education},
  volume={7},
  number={4},
  pages={821--844},
  year={2012},
  publisher={Springer}
}

@inproceedings{mason2012tiger,
  title={Tiger nation: Empowering citizen scientists},
  author={Mason, Aaron D and Michalakidis, Georgios and Krause, Paul J},
  booktitle={Digital Ecosystems Technologies (DEST), 2012 6th IEEE International Conference on},
  pages={1--5},
  year={2012},
  organization={IEEE}
}

@article{sandbrook2015digital,
  title={Digital Games and Biodiversity Conservation},
  author={Sandbrook, Chris and Adams, William M and Monteferri, Bruno},
  journal={Conservation Letters},
  volume={8},
  number={2},
  pages={118--124},
  year={2015},
  publisher={Wiley Online Library}
}

@article{curtis2014online,
  title={Online citizen science games: Opportunities for the biological sciences},
  author={Curtis, Vickie},
  journal={Applied \& Translational Genomics},
  volume={3},
  number={4},
  pages={90--94},
  year={2014},
  publisher={Elsevier}
}

@inproceedings{liu2011going,
  title={Going beyond citizen data collection with mapster: a mobile+ cloud real-time citizen science experiment},
  author={Liu, Yong and Piyawongwisal, Pratch and Handa, Sahil and Yu, Liang and Xu, Yan and Samuel, Arjmand},
  booktitle={e-Science Workshops (eScienceW), 2011 IEEE Seventh International Conference on},
  pages={1--6},
  year={2011},
  organization={IEEE}
}

@article{newman2012future,
  title={The future of citizen science: emerging technologies and shifting paradigms},
  author={Newman, Greg and Wiggins, Andrea and Crall, Alycia and Graham, Eric and Newman, Sarah and Crowston, Kevin},
  journal={Frontiers in Ecology and the Environment},
  volume={10},
  number={6},
  pages={298--304},
  year={2012},
  publisher={Eco Soc America}
}

@article{sauermann2015crowd,
  title={Crowd science user contribution patterns and their implications},
  author={Sauermann, Henry and Franzoni, Chiara},
  journal={Proceedings of the National Academy of Sciences},
  volume={112},
  number={3},
  pages={679--684},
  year={2015},
  publisher={National Acad Sciences}
}

@inproceedings{kirkhope2010social,
  title={Social networking for biodiversity: the BeeID project},
  author={Kirkhope, Claire L and Williams, Rachel L and Catlin-Groves, Christina L and Rees, Samuel G and Montesanti, Carlo and Jowers, Jessie and Stubbs, Hannah and Newberry, Julia and Hart, Adam G and Goodenough, Anne E and others},
  booktitle={Information Society (i-Society), 2010 International Conference On},
  pages={625--626},
  year={2010},
  organization={IEEE}
}

@misc{bryant2008big,
  title={Big-data computing: creating revolutionary breakthroughs in commerce, science and society},
  author={Bryant, Randal and Katz, Randy H and Lazowska, Edward D},
  year={2008},
  publisher={December}
}



@inproceedings{tinati2014motivations,
  title={Motivations of citizen scientists: A quantitative investigation of forum participation},
  author={Tinati, Ramine and Luczak-Roesch, Markus and Simperl, Elena and Shadbolt, Nigel},
  booktitle={Proceedings of the 2014 ACM conference on Web science},
  pages={295--296},
  year={2014},
  organization={ACM}
}

@article{raddick2013galaxy,
  title={Galaxy Zoo: Motivations of citizen scientists},
  author={Raddick, M Jordan and Bracey, Georgia and Gay, Pamela L and Lintott, Chris J and Cardamone, Carie and Murray, Phil and Schawinski, Kevin and Szalay, Alexander S and Vandenberg, Jan},
  journal={arXiv preprint arXiv:1303.6886},
  year={2013}
}

@article{curtis2015motivation,
  title={Motivation to Participate in an Online Citizen Science Game A Study of Foldit},
  author={Curtis, Vickie},
  journal={Science Communication},
  volume={37},
  number={6},
  pages={723--746},
  year={2015},
  publisher={SAGE Publications}
}

@article{hutt2015clumpy,
  title={How clumpy is my image?},
  author={Hutt, Hugo and Everson, Richard and Grant, Murray and Love, John and Littlejohn, George},
  journal={Soft Computing},
  volume={19},
  number={6},
  pages={1541--1552},
  year={2015},
  publisher={Springer}
}

@article{swanson2015snapshot,
  title={Snapshot Serengeti, high-frequency annotated camera trap images of 40 mammalian species in an African savanna},
  author={Swanson, Alexandra and Kosmala, Margaret and Lintott, Chris and Simpson, Robert and Smith, Arfon and Packer, Craig},
  journal={Scientific data},
  volume={2},
  year={2015},
  publisher={Nature Publishing Group}
}

@inproceedings{luczak2015resources,
  title={When Resources Collide: Towards a Theory of Coincidence in Information Spaces},
  author={Luczak-Roesch, Markus and Tinati, Ramine and Shadbolt, Nigel},
  booktitle={Proceedings of the 24th International Conference on World Wide Web Companion},
  pages={1137--1142},
  year={2015},
  organization={International World Wide Web Conferences Steering Committee}
}

@article{galloway2015galaxy,
  title={Galaxy Zoo: the effect of bar-driven fuelling on the presence of an active galactic nucleus in disc galaxies},
  author={Galloway, Melanie A and Willett, Kyle W and Fortson, Lucy F and Cardamone, Carolin N and Schawinski, Kevin and Cheung, Edmond and Lintott, Chris J and Masters, Karen L and Melvin, Thomas and Simmons, Brooke D},
  journal={Monthly Notices of the Royal Astronomical Society},
  volume={448},
  number={4},
  pages={3442--3454},
  year={2015},
  publisher={Oxford University Press}
}

@article{madison2014commons,
  title={Commons at the Intersection of Peer Production, Citizen Science, and Big Data: Galaxy Zoo},
  author={Madison, Michael J},
  journal={Oxford University Press},
  year={2014}
}

@article{casteels2013galaxy,
  title={Galaxy Zoo: quantifying morphological indicators of galaxy interaction},
  author={Casteels, Kevin RV and Bamford, Steven P and Skibba, Ramin A and Masters, Karen L and Lintott, Chris J and Keel, William C and Schawinski, Kevin and Nichol, Robert C and Smith, Arfon M},
  journal={Monthly Notices of the Royal Astronomical Society},
  volume={429},
  number={2},
  pages={1051--1065},
  year={2013},
  publisher={Oxford University Press}
}

@inproceedings{jennett2014eight,
  title={Eight Guidelines for Designing Virtual Citizen Science Projects},
  author={Jennett, Charlene and Cox, Anna L},
  booktitle={Second AAAI Conference on Human Computation and Crowdsourcing},
  year={2014}
}

@article{jepson2015nature,
  title={Nature apps: Waiting for the revolution},
  author={Jepson, Paul and Ladle, Richard J},
  journal={Ambio},
  volume={44},
  number={8},
  pages={827--832},
  year={2015},
  publisher={Springer}
}

@article{cooper2012natural,
  title={Natural history traits associated with detecting mortality within residential bird communities: can citizen science provide insights?},
  author={Cooper, Caren Beth and Loyd, Kerrie Anne Therese and Murante, Tessa and Savoca, Matthew and Dickinson, Janis},
  journal={Environmental management},
  volume={50},
  number={1},
  pages={11--20},
  year={2012},
  publisher={Springer}
}

@article{hill2012notes,
  title={The notes from nature tool for unlocking biodiversity records from museum records through citizen science},
  author={Hill, Andrew and Guralnick, Robert and Smith, Arfon and Sallans, Andrew and Gillespie, Rosemary and Denslow, Michael and Gross, Joyce and Murrell, Zack and Conyers, Tim and Oboyski, Peter and others},
  journal={ZooKeys},
  number={209},
  pages={219},
  year={2012},
  publisher={Pensoft Publishers}
}

@article{morzy2014ict,
  title={ICT Services for open and citizen science},
  author={Morzy, Miko{\l}aj},
  journal={World Wide Web},
  pages={1--15},
  year={2014},
  publisher={Springer}
}

@inproceedings{yu2010modeling,
  title={Modeling experts and novices in citizen science data for species distribution modeling},
  author={Yu, Jun and Wong, Weng-Keen and Hutchinson, Rebecca and others},
  booktitle={Data Mining (ICDM), 2010 IEEE 10th International Conference on},
  pages={1157--1162},
  year={2010},
  organization={IEEE}
}

@article{o2014harnessing,
  title={Harnessing the Power of a Global Network of Citizen Herpetologists by Improving Citizen Science Databases},
  author={O’DONNELL, RYAN P and DURSO, ANDREW M},
  journal={Herpetological Review},
  volume={45},
  number={1},
  pages={151--157},
  year={2014}
}

@article{price2011carolina,
  title={The Carolina Herp Atlas: an online, citizen-science approach to document amphibian and reptile occurrences},
  author={Price, STEVEN J and Dorcas, MICHAEL E},
  journal={Herpetological Conservation and Biology},
  volume={6},
  number={2},
  pages={287--296},
  year={2011}
}

@article{roy2012understanding,
  title={Understanding citizen science and environmental monitoring: final report on behalf of UK Environmental Observation Framework},
  author={Roy, HE and Pocock, MJO and Preston, CD and Roy, DB and Savage, J and Tweddle, JC and Robinson, LD},
  year={2012},
  publisher={NERC/Centre for Ecology \& Hydrology}
}

@article{curtis2015motivation,
  title={Motivation to Participate in an Online Citizen Science Game A Study of Foldit},
  author={Curtis, Vickie},
  journal={Science Communication},
  volume={37},
  number={6},
  pages={723--746},
  year={2015},
  publisher={SAGE Publications}
}

@inproceedings{aristeidou2015weather,
  title={Weather-it: evolution of an online community for citizen inquiry},
  author={Aristeidou, Maria and Scanlon, Eileen and Sharples, Mike},
  booktitle={Proceedings of the 15th International Conference on Knowledge Technologies and Data-driven Business},
  pages={13},
  year={2015},
  organization={ACM}
}

@inproceedings{crowston2013motivation,
  title={Motivation and data quality in a citizen science game: A design science evaluation},
  author={Crowston, Kevin and Prestopnik, Nathan R},
  booktitle={System Sciences (HICSS), 2013 46th Hawaii International Conference on},
  pages={450--459},
  year={2013},
  organization={IEEE}
}

@article{lautincreasing,
  title={Increasing citizen science contribution using a virtual peer},
  author={Laut, Jeffrey and Cappa, Francesco and Nov, Oded and Porfiri, Maurizio}
}

@article{sprinkscitizen,
  title={Citizen Scientists: The Importance of Being Needed and not Wasted},
  author={Sprinks, James and Houghton, Robert and Bamford, Steven and Morley, Jeremy}
}

@inproceedings{jennett2014eight,
  title={Eight Guidelines for Designing Virtual Citizen Science Projects},
  author={Jennett, Charlene and Cox, Anna L},
  booktitle={Second AAAI Conference on Human Computation and Crowdsourcing},
  year={2014}
}

@inproceedings{luczak2015resources,
  title={When Resources Collide: Towards a Theory of Coincidence in Information Spaces},
  author={Luczak-Roesch, Markus and Tinati, Ramine and Shadbolt, Nigel},
  booktitle={Proceedings of the 24th International Conference on World Wide Web Companion},
  pages={1137--1142},
  year={2015},
  organization={International World Wide Web Conferences Steering Committee}
}

@inproceedings{tinati2015command,
  title={/Command'and conquer: analysing discussion in a citizen science game},
  author={Tinati, Ramine and Luczak-R{\"o}sch, Markus and Simperl, E and Hall, Wendy and Shadbolt, Nigel},
  booktitle={ACM Web Science Conference 2015},
  year={2015}
}

@inproceedings{mugar2014planet,
  title={Planet hunters and seafloor explorers: legitimate peripheral participation through practice proxies in online citizen science},
  author={Mugar, Gabriel and {\O}sterlund, Carsten and Hassman, Katie DeVries and Crowston, Kevin and Jackson, Corey Brian},
  booktitle={Proceedings of the 17th ACM conference on Computer supported cooperative work \& social computing},
  pages={109--119},
  year={2014},
  organization={ACM}
}

@inproceedings{nov2013motivation,
  title={Motivation-targeted personalized UI design: a novel approach to enhancing citizen science participation},
  author={Nov, Oded and Arazy, Ofer and Lotts, Kelly and Naberhaus, Thomas},
  booktitle={ECSCW 2013: Proceedings of the 13th European Conference on Computer Supported Cooperative Work, 21-25 September 2013, Paphos, Cyprus},
  pages={287--297},
  year={2013},
  organization={Springer}
}

@article{ponciano2015finding,
  title={Finding Volunteers' Engagement Profiles in Human Computation for Citizen Science Projects},
  author={Ponciano, Lesandro and Brasileiro, Francisco},
  journal={arXiv preprint arXiv:1501.02134},
  year={2015}
}

@article{jacksonway,
  title={Which Way Did They Go? Newcomer Movement through the Zooniverse},
  author={Jackson, Corey Brian and {\O}sterlund, Carsten and Maidel, Veronica and Crowston, Kevin and Mugar, Gabriel}
}

@article{sauermann2015crowd,
  title={Crowd science user contribution patterns and their implications},
  author={Sauermann, Henry and Franzoni, Chiara},
  journal={Proceedings of the National Academy of Sciences},
  volume={112},
  number={3},
  pages={679--684},
  year={2015},
  publisher={National Acad Sciences}
}

@inproceedings{eveleigh2014designing,
  title={Designing for dabblers and deterring drop-outs in citizen science},
  author={Eveleigh, Alexandra and Jennett, Charlene and Blandford, Ann and Brohan, Philip and Cox, Anna L},
  booktitle={Proceedings of the 32nd annual ACM conference on Human factors in computing systems},
  pages={2985--2994},
  year={2014},
  organization={ACM}
}

@article{marshall2015space,
  title={Space Warps: I. Crowd-sourcing the Discovery of Gravitational Lenses},
  author={Marshall, Phil and Verma, Aprajita and More, Anupreeta and Davis, Chris and More, Surhud and Kapadia, Amit and Parrish, Michael and Snyder, Chris and Wilcox, Julianne and Baeten, Elisabeth and others},
  journal={arXiv preprint arXiv:1504.06148},
  year={2015}
}

@article{banfield2015radio,
  title={Radio Galaxy Zoo: host galaxies and radio morphologies derived from visual inspection},
  author={Banfield, JK and Wong, OI and Willett, KW and Norris, RP and Rudnick, L and Shabala, SS and Simmons, BD and Snyder, C and Garon, A and Seymour, N and others},
  journal={Monthly Notices of the Royal Astronomical Society},
  volume={453},
  number={3},
  pages={2326--2340},
  year={2015},
  publisher={Oxford University Press}
}

@article{desell2015effectiveness,
  title={On the effectiveness of crowd sourcing avian nesting video analysis at Wildlife@ Home},
  author={Desell, Travis and Goehner, Kyle and Andes, Alicia and Eckroad, Rebecca and Ellis-Felege, Susan},
  journal={Procedia Computer Science},
  volume={51},
  pages={384--393},
  year={2015},
  publisher={Elsevier}
}

@article{courter2013weekend,
  title={Weekend bias in Citizen Science data reporting: implications for phenology studies},
  author={Courter, Jason R and Johnson, Ron J and Stuyck, Claire M and Lang, Brian A and Kaiser, Evan W},
  journal={International journal of biometeorology},
  volume={57},
  number={5},
  pages={715--720},
  year={2013},
  publisher={Springer}
}

@article{prestopnik2013data,
  title={Data quality in purposeful games},
  author={Prestopnik, Nathan Richard and Crowston, Kevin and Wang, Jun},
  journal={computing},
  volume={1},
  pages={2},
  year={2013},
  publisher={Citeseer}
}

@article{simpson2012milky,
  title={The milky way project first data release: a bubblier galactic disc},
  author={Simpson, RJ and Povich, MS and Kendrew, S and Lintott, CJ and Bressert, E and Arvidsson, K and Cyganowski, C and Maddison, S and Schawinski, K and Sherman, R and others},
  journal={Monthly Notices of the Royal Astronomical Society},
  volume={424},
  number={4},
  pages={2442--2460},
  year={2012},
  publisher={Oxford University Press}
}

@article{fortson2012galaxy,
  title={Galaxy Zoo},
  author={Fortson, Lucy and Masters, Karen and Nichol, Robert and Edmondson, EM and Lintott, C and Raddick, J and Wallin, J},
  journal={Advances in machine learning and data mining for astronomy},
  pages={213--236},
  year={2012},
  publisher={CRC Press}
}

@article{fuccillo2015assessing,
  title={Assessing accuracy in citizen science-based plant phenology monitoring},
  author={Fuccillo, Kerissa K and Crimmins, Theresa M and de Rivera, Catherine E and Elder, Timothy S},
  journal={International journal of biometeorology},
  volume={59},
  number={7},
  pages={917--926},
  year={2015},
  publisher={Springer}
}

@article{bonney2009citizen,
  title={Citizen science: a developing tool for expanding science knowledge and scientific literacy},
  author={Bonney, Rick and Cooper, Caren B and Dickinson, Janis and Kelling, Steve and Phillips, Tina and Rosenberg, Kenneth V and Shirk, Jennifer},
  journal={BioScience},
  volume={59},
  number={11},
  pages={977--984},
  year={2009},
  publisher={Oxford University Press}
}

@article{miller2012history,
  title={The history of public participation in ecological research},
  author={Miller-Rushing, Abraham and Primack, Richard and Bonney, Rick},
  journal={Frontiers in Ecology and the Environment},
  volume={10},
  number={6},
  pages={285--290},
  year={2012},
  publisher={Eco Soc America}
}

@inproceedings{tinati2015designing,
  title={Designing for Citizen Data Analysis: A Cross-Sectional Case Study of a Multi-Domain Citizen Science Platform},
  author={Tinati, Ramine and Van Kleek, Max and Simperl, Elena and Luczak-R{\"o}sch, Markus and Simpson, Robert and Shadbolt, Nigel},
  booktitle={Proceedings of the 33rd Annual ACM Conference on Human Factors in Computing Systems},
  pages={4069--4078},
  year={2015},
  organization={ACM}
}

@article{dittusanalysing,
  title={Analysing volunteer engagement in humanitarian mapping: building contributor communities at large scale},
  author={Dittus, Martin and Quattrone, Giovanni and Capra, Licia}
}

@article{cunningham2012maryland,
  title={The Maryland amphibian and reptile atlas: a volunteer-based distributional survey},
  author={Cunningham, Heather R and Davis, Charles A and Swarth, Christopher W and Therres, Glenn D},
  journal={International Journal of Zoology},
  volume={2012},
  year={2012},
  publisher={Hindawi Publishing Corporation}
}

@article{wood2011ebird,
  title={eBird: engaging birders in science and conservation},
  author={Wood, Chris and Sullivan, Brian and Iliff, Marshall and Fink, Daniel and Kelling, Steve},
  journal={PLoS Biol},
  volume={9},
  number={12},
  pages={e1001220},
  year={2011},
  publisher={Public Library of Science}
}

@article{joy2011moon,
  title={Moon Zoo: citizen science in lunar exploration},
  author={Joy, Katherine and Crawford, Ian and Grindrod, Peter and Lintott, Chris and Bamford, Steven and Smith, Arfon and Cook, Anthony and Antonenko, Irene and Balfanz, Ryan and Balme, Matt and others},
  journal={Astronomy \& Geophysics},
  volume={52},
  number={2},
  pages={2--10},
  year={2011},
  publisher={Oxford University Press}
}

@inproceedings{preist2014competing,
  title={Competing or aiming to be average?: normification as a means of engaging digital volunteers},
  author={Preist, Chris and Massung, Elaine and Coyle, David},
  booktitle={Proceedings of the 17th ACM conference on Computer supported cooperative work \& social computing},
  pages={1222--1233},
  year={2014},
  organization={ACM}
}

@article{voss2010using,
  title={Using a free online citizen-science project to teach observation \& quantification of animal behavior},
  author={Voss, Margaret A and Cooper, Caren B},
  journal={The american biology Teacher},
  volume={72},
  number={7},
  pages={437--443},
  year={2010},
  publisher={University of California Press Journals}
}

@article{price2013changes,
  title={Changes in participants' scientific attitudes and epistemological beliefs during an astronomical citizen science project},
  author={Price, C Aaron and Lee, Hee-Sun},
  journal={Journal of Research in Science Teaching},
  volume={50},
  number={7},
  pages={773--801},
  year={2013},
  publisher={Wiley Online Library}
}

@inproceedings{mugar2015being,
  title={Being present in online communities: learning in citizen science},
  author={Mugar, Gabriel and {\O}sterlund, Carsten and Jackson, Corey Brian and Crowston, Kevin},
  booktitle={Proceedings of the 7th International Conference on Communities and Technologies},
  pages={129--138},
  year={2015},
  organization={ACM}
}

@article{starr2014lights,
  title={Lights, camera… citizen science: assessing the effectiveness of smartphone-based video training in invasive plant identification},
  author={Starr, Jared and Schweik, Charles M and Bush, Nathan and Fletcher, Lena and Finn, Jack and Fish, Jennifer and Bargeron, Charles T},
  journal={PloS one},
  volume={9},
  number={11},
  pages={e111433},
  year={2014},
  publisher={Public Library of Science}
}

@article{sprinks2014impact,
  title={The Impact of Task Workflow Design on VGI Citizen Science Platforms},
  author={Sprinks, James and Morley, Jeremy and Bamford, Steven and Houghton, Robert},
  year={2014}
}

@inproceedings{sprinks2015crater,
  title={Is that a Crater? Designing Citizen Science Platforms for the Volunteer and to Improve Results},
  author={Sprinks, J and Houghton, R and Bamford, S and Morley, JG and Wardlaw, J},
  booktitle={European Planetary Science Congress 2015, held 27 September-2 October, 2015 in Nantes, France, Online at http://meetingorganizer. copernicus. org/EPSC2015, id. EPSC2015-694},
  volume={10},
  pages={694},
  year={2015}
}

@inproceedings{segal2015improving,
  title={Improving productivity in citizen science through controlled intervention},
  author={Segal, Avi and Gal, Ya'akov Kobi and Simpson, Robert J and Victoria Homsy, Victoria and Hartswood, Mark and Page, Kevin R and Jirotka, Marina},
  booktitle={Proceedings of the 24th International Conference on World Wide Web Companion},
  pages={331--337},
  year={2015},
  organization={International World Wide Web Conferences Steering Committee}
}

@article{newman2010teaching,
  title={Teaching citizen science skills online: Implications for invasive species training programs},
  author={Newman, Greg and Crall, Alycia and Laituri, Melinda and Graham, Jim and Stohlgren, Tom and Moore, John C and Kodrich, Kris and Holfelder, Kirstin A},
  journal={Applied Environmental Education and Communication},
  volume={9},
  number={4},
  pages={276--286},
  year={2010},
  publisher={Taylor \& Francis}
}

@inproceedings{wiggins2012goals,
  title={Goals and tasks: Two typologies of citizen science projects},
  author={Wiggins, Andrea and Crowston, Kevin},
  booktitle={System Science (HICSS), 2012 45th Hawaii International Conference on},
  pages={3426--3435},
  year={2012},
  organization={IEEE}
}

@inproceedings{reed2013exploratory,
  title={An exploratory factor analysis of motivations for participating in Zooniverse, a collection of virtual citizen science projects},
  author={Reed, Jeff and Raddick, M Jordan and Lardner, Andrea and Carney, Karen},
  booktitle={System Sciences (HICSS), 2013 46th Hawaii International Conference on},
  pages={610--619},
  year={2013},
  organization={IEEE}
}

@article{schroer2009voluntary,
  title={Voluntary engagement in an open web-based encyclopedia: Wikipedians and why they do it},
  author={Schroer, Joachim and Hertel, Guido},
  journal={Media Psychology},
  volume={12},
  number={1},
  pages={96--120},
  year={2009},
  publisher={Taylor \& Francis}
}

@inproceedings{rotman2012dynamic,
  title={Dynamic changes in motivation in collaborative citizen-science projects},
  author={Rotman, Dana and Preece, Jenny and Hammock, Jen and Procita, Kezee and Hansen, Derek and Parr, Cynthia and Lewis, Darcy and Jacobs, David},
  booktitle={Proceedings of the ACM 2012 conference on Computer Supported Cooperative Work},
  pages={217--226},
  year={2012},
  organization={ACM}
}

@inproceedings{tinati2014motivations,
  title={Motivations of citizen scientists: A quantitative investigation of forum participation},
  author={Tinati, Ramine and Luczak-Roesch, Markus and Simperl, Elena and Shadbolt, Nigel},
  booktitle={Proceedings of the 2014 ACM conference on Web science},
  pages={295--296},
  year={2014},
  organization={ACM}
}

@article{sauermann2015crowd,
  title={Crowd science user contribution patterns and their implications},
  author={Sauermann, Henry and Franzoni, Chiara},
  journal={Proceedings of the National Academy of Sciences},
  volume={112},
  number={3},
  pages={679--684},
  year={2015},
  publisher={National Acad Sciences}
}

@article{lintott2008galaxy,
  title={Galaxy Zoo: morphologies derived from visual inspection of galaxies from the Sloan Digital Sky Survey},
  author={Lintott, Chris J and Schawinski, Kevin and Slosar, An{\v{z}}e and Land, Kate and Bamford, Steven and Thomas, Daniel and Raddick, M Jordan and Nichol, Robert C and Szalay, Alex and Andreescu, Dan and others},
  journal={Monthly Notices of the Royal Astronomical Society},
  volume={389},
  number={3},
  pages={1179--1189},
  year={2008},
  publisher={Oxford University Press}
}

@article{kullenberg2016citizen,
  title={What Is Citizen Science?--A Scientometric Meta-Analysis},
  author={Kullenberg, Christopher and Kasperowski, Dick},
  journal={PloS one},
  volume={11},
  number={1},
  pages={e0147152},
  year={2016},
  publisher={Public Library of Science}
}

@article{lawson2015citizen,
  title={Citizen Science and Wildlife Disease Surveillance},
  author={Lawson, Becki and Petrovan, Silviu O and Cunningham, Andrew A},
  journal={EcoHealth},
  volume={12},
  number={4},
  pages={693--702},
  year={2015},
  publisher={Springer}
}

@article{kobori2016citizen,
  title={Citizen science: a new approach to advance ecology, education, and conservation},
  author={Kobori, Hiromi and Dickinson, Janis L and Washitani, Izumi and Sakurai, Ryo and Amano, Tatsuya and Komatsu, Naoya and Kitamura, Wataru and Takagawa, Shinichi and Koyama, Kazuo and Ogawara, Takao and others},
  journal={Ecological Research},
  volume={31},
  number={1},
  pages={1--19},
  year={2016},
  publisher={Springer}
}

@article{kung2015gravitational,
  title={Gravitational lens modelling in a citizen science context},
  author={K{\"u}ng, Rafael and Saha, Prasenjit and More, Anupreeta and Baeten, Elisabeth and Coles, Jonathan and Cornen, Claude and Macmillan, Christine and Marshall, Phil and More, Surhud and Odermatt, Jonas and others},
  journal={Monthly Notices of the Royal Astronomical Society},
  volume={447},
  number={3},
  pages={2170--2180},
  year={2015},
  publisher={Oxford University Press}
}

@article{more2016space,
  title={Space Warps--II. New gravitational lens candidates from the CFHTLS discovered through citizen science},
  author={More, Anupreeta and Verma, Aprajita and Marshall, Philip J and More, Surhud and Baeten, Elisabeth and Wilcox, Julianne and Macmillan, Christine and Cornen, Claude and Kapadia, Amit and Parrish, Michael and others},
  journal={Monthly Notices of the Royal Astronomical Society},
  volume={455},
  number={2},
  pages={1191--1210},
  year={2016},
  publisher={Oxford University Press}
}

@article{kwak2013open,
  title={Open-Phylo: a customizable crowd-computing platform for multiple sequence alignment},
  author={Kwak, Daniel and Kam, Alfred and Becerra, David and Zhou, Qikuan and Hops, Adam and Zarour, Eleyine and Kam, Arthur and Sarmenta, Luis and Blanchette, Mathieu and Waldisp{\"u}hl, J{\'e}r{\^o}me},
  journal={Genome biology},
  volume={14},
  number={10},
  pages={R116},
  year={2013},
  publisher={BioMed Central}
}

@article{solano2014precovery,
  title={Precovery of near-Earth asteroids by a citizen-science project of the Spanish Virtual Observatory},
  author={Solano, Enrique and Rodrigo, Carlos and Pulido, Rebeca and Carry, Benoˆ{\i}t},
  journal={Astronomische Nachrichten},
  volume={335},
  number={2},
  pages={142--149},
  year={2014},
  publisher={Wiley Online Library}
}

@article{theobald2015global,
  title={Global change and local solutions: Tapping the unrealized potential of citizen science for biodiversity research},
  author={Theobald, EJ and Ettinger, AK and Burgess, HK and DeBey, LB and Schmidt, NR and Froehlich, HE and Wagner, C and HilleRisLambers, J and Tewksbury, J and Harsch, MA and others},
  journal={Biological Conservation},
  volume={181},
  pages={236--244},
  year={2015},
  publisher={Elsevier}
}

@article{seaborn2015gamification,
  title={Gamification in theory and action: A survey},
  author={Seaborn, Katie and Fels, Deborah I},
  journal={International Journal of Human-Computer Studies},
  volume={74},
  pages={14--31},
  year={2015},
  publisher={Elsevier}
}

@article{bucheler2011understanding,
  title={Understanding science 2.0: crowdsourcing and open innovation in the scientific method},
  author={B{\"u}cheler, Thierry and Sieg, Jan Henrik},
  journal={Procedia Computer Science},
  volume={7},
  pages={327--329},
  year={2011},
  publisher={Elsevier}
}

@incollection{sui2013volunteered,
  title={Volunteered geographic information, the exaflood, and the growing digital divide},
  author={Sui, Daniel and Goodchild, Michael and Elwood, Sarah},
  booktitle={Crowdsourcing geographic knowledge},
  pages={1--12},
  year={2013},
  publisher={Springer}
}

@article{blatt2015benefits,
  title={The Benefits and Risks of Volunteered Geographic Information},
  author={Blatt, Amy J},
  journal={Journal of Map \& Geography Libraries},
  volume={11},
  number={1},
  pages={99--104},
  year={2015},
  publisher={Taylor \& Francis}
}

@incollection{poore2013metadata,
  title={Metadata squared: Enhancing its usability for volunteered geographic information and the GeoWeb},
  author={Poore, Barbara S and Wolf, Eric B},
  booktitle={Crowdsourcing geographic knowledge},
  pages={43--64},
  year={2013},
  publisher={Springer}
}

@article{foster2015volunteered,
  title={Volunteered geographic information, urban forests, \& environmental justice},
  author={Foster, Alec and Dunham, Ian M},
  journal={Computers, Environment and Urban Systems},
  volume={53},
  pages={65--75},
  year={2015},
  publisher={Elsevier}
}

@book{sui2012crowdsourcing,
  title={Crowdsourcing geographic knowledge: volunteered geographic information (VGI) in theory and practice},
  author={Sui, Daniel and Elwood, Sarah and Goodchild, Michael},
  year={2012},
  publisher={Springer Science \& Business Media}
}

@article{hennon2015cyclone,
  title={Cyclone center: can citizen scientists improve tropical cyclone intensity records?},
  author={Hennon, Christopher C and Knapp, Kenneth R and Schreck III, Carl J and Stevens, Scott E and Kossin, James P and Thorne, Peter W and Hennon, Paula A and Kruk, Michael C and Rennie, Jared and Gad{\'e}a, Jean-Maurice and others},
  journal={Bulletin of the American Meteorological Society},
  volume={96},
  number={4},
  pages={591--607},
  year={2015}
}

@inproceedings{williams2014computational,
  title={A computational pipeline for crowdsourced transcriptions of Ancient Greek papyrus fragments},
  author={Williams, Alex C and Wallin, John F and Yu, Haoyu and Perale, Marco and Carroll, Hyrum D and Lamblin, Anne-Francoise and Fortson, Lucy and Obbink, Dirk and Lintott, Chris J and Brusuelas, James H},
  booktitle={Big Data (Big Data), 2014 IEEE International Conference on},
  pages={100--105},
  year={2014},
  organization={IEEE}
}

@article{towheed2015readers,
  title={Readers and Reading in the First World War},
  author={Towheed, Shafquat and Benatti, Francesca and King, Edmund GC},
  journal={Yearbook of English Studies},
  volume={45},
  pages={239--261},
  year={2015},
  publisher={JSTOR}
}

@inproceedings{hamari2014does,
  title={Does gamification work?--a literature review of empirical studies on gamification},
  author={Hamari, Juho and Koivisto, Jonna and Sarsa, Harri},
  booktitle={System Sciences (HICSS), 2014 47th Hawaii International Conference on},
  pages={3025--3034},
  year={2014},
  organization={IEEE}
}

@inproceedings{jennett2013sociability,
  title={Sociability in virtual citizen science},
  author={Jennett, Charlene and Kloetzer, Laure and Gold, Margaret and Cox, Anna L},
  booktitle={Proceedings of the CHI 2013 workshop on designing and evaluating sociability in online video games},
  pages={29--32},
  year={2013}
}

@article{lintott2009galaxy,
  title={Galaxy Zoo:‘Hanny's Voorwerp’, a quasar light echo?},
  author={Lintott, Chris J and Schawinski, Kevin and Keel, William and Van Arkel, Hanny and Bennert, Nicola and Edmondson, Edward and Thomas, Daniel and Smith, Daniel JB and Herbert, Peter D and Jarvis, Matt J and others},
  journal={Monthly Notices of the Royal Astronomical Society},
  volume={399},
  number={1},
  pages={129--140},
  year={2009},
  publisher={Oxford University Press}
}

@article{cardamone2009galaxy,
  title={Galaxy Zoo Green Peas: discovery of a class of compact extremely star-forming galaxies},
  author={Cardamone, Carolin and Schawinski, Kevin and Sarzi, Marc and Bamford, Steven P and Bennert, Nicola and Urry, CM and Lintott, Chris and Keel, William C and Parejko, John and Nichol, Robert C and others},
  journal={Monthly Notices of the Royal Astronomical Society},
  volume={399},
  number={3},
  pages={1191--1205},
  year={2009},
  publisher={Oxford University Press}
}

@article{kerton2015milky,
  title={The Milky Way Project: What are Yellowballs?},
  author={Kerton, CR and Wolf-Chase, G and Arvidsson, K and Lintott, CJ and Simpson, RJ},
  journal={The Astrophysical Journal},
  volume={799},
  number={2},
  pages={153},
  year={2015},
  publisher={IOP Publishing}
}

@article{wal2016role,
  title={The role of automated feedback in training and retaining biological recorders for citizen science},
  author={Wal, Ren{\'e} and Sharma, Nirwan and Mellish, Chris and Robinson, Annie and Siddharthan, Advaith},
  journal={Conservation Biology},
  volume={30},
  number={3},
  pages={550--561},
  year={2016},
  publisher={Wiley Online Library}
}

@article{kullenberg2016citizen,
  title={What Is Citizen Science?--A Scientometric Meta-Analysis},
  author={Kullenberg, Christopher and Kasperowski, Dick},
  journal={PloS one},
  volume={11},
  number={1},
  pages={e0147152},
  year={2016},
  publisher={Public Library of Science}
}

@article{wald2015design,
  title={Design Principles for Engaging and Retaining Virtual Citizen Scientists},
  author={Wald, Dara M and Longo, Justin and Dobell, AR},
  journal={Conservation Biology},
  year={2015},
  publisher={Wiley Online Library}
}

@inproceedings{jackson2016encouraging,
  title={Encouraging Work in Citizen Science: Experiments in Goal Setting and Anchoring},
  author={Jackson, Corey and Mugar, Gabriel and Crowston, Kevin and {\O}sterlund, Carsten},
  booktitle={Proceedings of the 19th ACM Conference on Computer Supported Cooperative Work and Social Computing Companion},
  pages={297--300},
  year={2016},
  organization={ACM}
}

@inproceedings{wiggins2016community,
  title={Community-based Data Validation Practices in Citizen Science},
  author={Wiggins, Andrea and He, Yurong},
  booktitle={Proceedings of the 19th ACM Conference on Computer-Supported Cooperative Work \& Social Computing},
  pages={1548--1559},
  year={2016},
  organization={ACM}
}

@article{masters2016science,
  title={Science learning via participation in online citizen science},
  author={Masters, Karen and Oh, Eun Young and Cox, Joe and Simmons, Brooke and Lintott, Chris and Graham, Gary and Greenhill, Anita and Holmes, Kate},
  journal={arXiv preprint arXiv:1601.05973},
  year={2016}
}

@inproceedings{bonacic2015live,
  title={Live ANDES: Mobile-Cloud Shared Workspace for Citizen Science and Wildlife Conservation},
  author={Bonacic, Cristian and Neyem, Andres and Vasquez, Andrea},
  booktitle={e-Science (e-Science), 2015 IEEE 11th International Conference on},
  pages={215--223},
  year={2015},
  organization={IEEE}
}

@incollection{haklay2013citizen,
  title={Citizen science and volunteered geographic information: Overview and typology of participation},
  author={Haklay, Muki},
  booktitle={Crowdsourcing geographic knowledge},
  pages={105--122},
  year={2013},
  publisher={Springer}
}

@inproceedings{gugliucci2014citizen,
  title={Citizen Science Motivations as Discovered with CosmoQuest},
  author={Gugliucci, N and Gay, P and Bracey, G},
  booktitle={Ensuring Stem Literacy: A National Conference on STEM Education and Public Outreach},
  volume={483},
  pages={437},
  year={2014}
}

@inproceedings{boddula2015harnessing,
  title={Harnessing Social Media for Environmental Sustainability: A Measurement Study on Harmful Algal Blooms},
  author={Boddula, Vinay and Joshi, Awani and Ramaswamy, Lakshmish and Mishra, Deepak},
  booktitle={2015 IEEE Conference on Collaboration and Internet Computing (CIC)},
  pages={176--183},
  year={2015},
  organization={IEEE}
}

@article{daume2016mining,
  title={Mining Twitter to monitor invasive alien species—An analytical framework and sample information topologies},
  author={Daume, Stefan},
  journal={Ecological Informatics},
  volume={31},
  pages={70--82},
  year={2016},
  publisher={Elsevier}
}

@inproceedings{robson2013comparing,
  title={Comparing the use of social networking and traditional media channels for promoting citizen science},
  author={Robson, Christine and Hearst, Marti and Kau, Chris and Pierce, Jeffrey},
  booktitle={Proceedings of the 2013 conference on Computer supported cooperative work},
  pages={1463--1468},
  year={2013},
  organization={ACM}
}

@inproceedings{deng2012using,
  title={Using social media for collaborative species identification and occurrence: issues, methods, and tools},
  author={Deng, Dong-Po and Chuang, Tyng-Ruey and Shao, Kwang-Tsao and Mai, Guan-Shuo and Lin, Te-En and Lemmens, Rob and Hsu, Cheng-Hsin and Lin, Hsu-Hong and Kraak, Menno-Jan},
  booktitle={Proceedings of the 1st ACM SIGSPATIAL International Workshop on Crowdsourced and Volunteered Geographic Information},
  pages={22--29},
  year={2012},
  organization={ACM}
}

@inproceedings{nov2011dusting,
  title={Dusting for science: motivation and participation of digital citizen science volunteers},
  author={Nov, Oded and Arazy, Ofer and Anderson, David},
  booktitle={Proceedings of the 2011 iConference},
  pages={68--74},
  year={2011},
  organization={ACM}
}

@article{nov2014scientists,
  title={Scientists@ Home: what drives the quantity and quality of online citizen science participation?},
  author={Nov, Oded and Arazy, Ofer and Anderson, David},
  journal={PloS one},
  volume={9},
  number={4},
  pages={e90375},
  year={2014},
  publisher={Public Library of Science}
}

@inproceedings{reed2013exploratory,
  title={An exploratory factor analysis of motivations for participating in Zooniverse, a collection of virtual citizen science projects},
  author={Reed, Jeff and Raddick, M Jordan and Lardner, Andrea and Carney, Karen},
  booktitle={System Sciences (HICSS), 2013 46th Hawaii International Conference on},
  pages={610--619},
  year={2013},
  organization={IEEE}
}

@inproceedings{reed2012framework,
  title={A framework for defining and describing key design features of virtual citizen science projects},
  author={Reed, Jason and Rodriguez, Whitney and Rickhoff, Angelique},
  booktitle={Proceedings of the 2012 iConference},
  pages={623--625},
  year={2012},
  organization={ACM}
}

@inproceedings{luczak2014won,
  title={Why Won't Aliens Talk to Us? Content and Community Dynamics in Online Citizen Science.},
  author={Luczak-Roesch, Markus and Tinati, Ramine and Simperl, Elena and Van Kleek, Max and Shadbolt, Nigel and Simpson, Robert J},
  booktitle={ICWSM},
  year={2014}
}

@inproceedings{mugar2014planet,
  title={Planet hunters and seafloor explorers: legitimate peripheral participation through practice proxies in online citizen science},
  author={Mugar, Gabriel and {\O}sterlund, Carsten and Hassman, Katie DeVries and Crowston, Kevin and Jackson, Corey Brian},
  booktitle={Proceedings of the 17th ACM conference on Computer supported cooperative work \& social computing},
  pages={109--119},
  year={2014},
  organization={ACM}
}

@article{thompson2007evaluating,
  title={Evaluating the impacts of participation in an online citizen science project: A mixed-methods approach},
  author={Thompson, Stephanie and Bonney, Rick and Trant, J and Bearman, D},
  journal={Museums and the web. Archives and Museum Informatics, Toronto},
  pages={187--199},
  year={2007}
}

@article{greenhill2014playing,
  title={Playing with science: gamised aspects of gamification found on the Online Citizen Science Project-Zooniverse},
  author={Greenhill, Anita and Holmes, Kate and Lintott, Chris and Simmons, Brooke and Masters, Karen and Cox, Joe and Graham, Gary},
  year={2014},
  publisher={EUROSIS}
}
@inproceedings{jennett2013sociability,
  title={Sociability in virtual citizen science},
  author={Jennett, Charlene and Kloetzer, Laure and Gold, Margaret and Cox, Anna L},
  booktitle={Proceedings of the CHI 2013 workshop on designing and evaluating sociability in online video games},
  pages={29--32},
  year={2013}
}

@article{voss2010using,
  title={Using a free online citizen-science project to teach observation \& quantification of animal behavior},
  author={Voss, Margaret A and Cooper, Caren B},
  journal={The american biology Teacher},
  volume={72},
  number={7},
  pages={437--443},
  year={2010},
  publisher={University of California Press Journals}
}

@article{kloetzer2014learning,
  title={Learning by volunteer computing, thinking and gaming: What and how are volunteers learning by participating in Virtual Citizen Science?},
  author={Kloetzer, Laure and Schneider, Daniel and Jennett, Charlene and Iacovides, Ioanna and Eveleigh, Alexandra and Cox, Anna and Gold, Margaret},
  journal={Changing Configurations of Adult Education in Transitional Times},
  pages={73},
  year={2014}
}

@article{nov2010scientists,
  title={Scientists@ home and in the backyard: understanding the motivations of contributors to digital citizen science},
  author={Nov, Oded and Arazy, Ofer and Anderson, David},
  journal={Economics of Networks eJournal},
  volume={2},
  year={2010}
}

@book{price2011scientific,
  title={Scientific Literacy of Adult Participants in an Online Citizen Science Project.},
  author={Price, Charles Aaron},
  year={2011},
  publisher={ERIC}
}

@article{price2011carolina,
  title={The Carolina Herp Atlas: an online, citizen-science approach to document amphibian and reptile occurrences},
  author={Price, STEVEN J and Dorcas, MICHAEL E},
  journal={Herpetological Conservation and Biology},
  volume={6},
  number={2},
  pages={287--296},
  year={2011}
}

@article{curtis2014online,
  title={Online citizen science games: opportunities for the biological sciences},
  author={Curtis, Vickie},
  journal={Applied \& Translational Genomics},
  volume={3},
  number={4},
  pages={90--94},
  year={2014},
  publisher={Elsevier}
}

@phdthesis{curtis2015online,
  title={Online citizen science projects: an exploration of motivation, contribution and participation},
  author={Curtis, Vickie},
  year={2015},
  school={The Open University}
}

@inproceedings{wiggins2010crowdsourcing,
  title={Crowdsourcing science: organizing virtual participation in knowledge production},
  author={Wiggins, Andrea},
  booktitle={Proceedings of the 16th ACM international conference on Supporting group work},
  pages={337--338},
  year={2010},
  organization={ACM}
}

@incollection{reed2014using,
  title={Using Contemporary Collective Action to Understand the Use of Computer-Mediated Communication in Virtual Citizen Science},
  author={Reed, Jason T and Smith, Arfon and Parish, Michael and Rickhoff, Angelique},
  booktitle={Online Collective Action},
  pages={121--132},
  year={2014},
  publisher={Springer}
}

@inproceedings{hassman2013learning,
  title={Learning at the seafloor, looking at the sky: The relationship between individual tasks and collaborative engagement in two citizen science projects},
  author={Hassman, KD and Mugar, Gabriel and {\O}sterlund, Carsten and Jackson, Corey},
  booktitle={Computer Supported Collaborative Learning},
  year={2013}
}

@inproceedings{gay2009zoo,
  title={A zoo of online citizen science},
  author={Gay, Pamela L and Lintott, C},
  booktitle={American Astronomical Society Meeting Abstracts\# 214},
  volume={214},
  year={2009}
}

@inproceedings{nov2011technology,
  title={Technology-Mediated Citizen Science Participation: A Motivational Model.},
  author={Nov, Oded and Arazy, Ofer and Anderson, David},
  booktitle={ICWSM},
  year={2011}
}

@article{kridelbaugh2016use,
  title={The Use of Online Citizen-Science Projects to Provide Experiential Learning Opportunities for Nonmajor Science Students},
  author={Kridelbaugh, Donna M},
  journal={Journal of microbiology \& biology education},
  volume={17},
  number={1},
  pages={105},
  year={2016},
  publisher={American Society for Microbiology (ASM)}
}

@inproceedings{jennett2014eight,
  title={Eight Guidelines for Designing Virtual Citizen Science Projects},
  author={Jennett, Charlene and Cox, Anna L},
  booktitle={Second AAAI Conference on Human Computation and Crowdsourcing},
  year={2014}
}


@inproceedings{gulick2010online,
  title={Online Citizen Science with Clickworkers \& MRO HiRISE E/PO},
  author={Gulick, VC and Deardorff, G and Kanefsky, B and others},
  booktitle={AGU Fall Meeting Abstracts},
  volume={1},
  pages={08},
  year={2010}
}

@techreport{arandjelovic2016chimp,
  title={Chimp\&See: an online citizen science platform for large-scale, remote video camera trap annotation of chimpanzee behaviour, demography and individual identification},
  author={Arandjelovic, Mimi and Stephens, Colleen R and McCarthy, Maureen S and Dieguez, Paula and Kalan, Ammie K and Maldonado, Nuria and Boesch, Christophe and Kuehl, Hjalmar S},
  year={2016},
  institution={PeerJ Preprints}
}

@inproceedings{trimboli2015developing,
  title={Developing a New, Online, Citizen Science Project Studying Bat Behaviors},
  author={Trimboli, Shannon R},
  booktitle={2015 AAAS Annual Meeting (12-16 February 2015)},
  year={2015},
  organization={aaas}
}

@inproceedings{parilla2016impact,
  title={The Impact of Coordinated Social Media Campaigns on Online Citizen Science Engagement},
  author={Parilla, Lesley},
  booktitle={2016 AAAS Annual Meeting (February 11-15, 2016)},
  year={2016},
  organization={aaas}
}


@article{curtis2015motivation,
  title={Motivation to Participate in an Online Citizen Science Game A Study of Foldit},
  author={Curtis, Vickie},
  journal={Science Communication},
  volume={37},
  number={6},
  pages={723--746},
  year={2015},
  publisher={SAGE Publications}
}

@article{simmons2015defining,
  title={Defining and Measuring Success in Online Citizen Science: A Case Study},
  author={Simmons, Brooke and Lintott, Chris and Masters, Karen and Greenhill, Anita and Graham, Gary and Holmes, Kate},
  journal={Computing in Science \& Engineering},
  volume={17},
  pages={28},
  year={2015}
}

@inproceedings{price2010use,
  title={The Use of the Nature of Scientific Knowledge Scale as a Entrance Assessment in a Large, Online Citizen Science Project},
  author={Price, Aaron},
  booktitle={Bulletin of the American Astronomical Society},
  volume={42},
  pages={509},
  year={2010}
}

@incollection{reed2013participating,
  title={Participating in Online Citizen Science: Motivations as the Basis for User Types and Trajectories},
  author={Reed, Jason T and Cook, Ryan and Raddick, M Jordan and Carney, Karen and Lintott, Chris},
  booktitle={Handbook of Human Computation},
  pages={695--702},
  year={2013},
  publisher={Springer}
}

@inproceedings{bowman2010overview,
  title={AN OVERVIEW OF THE STATE OF ONLINE CITIZEN SCIENCE AND CROWDSOURCING},
  author={BOWMAN, Cassie},
  booktitle={2010 GSA Denver Annual Meeting},
  year={2010}
}

@article{greenhill2016playing,
  title={Playing with science: exploring how game activity motivates users participation on an online citizen science platform},
  author={Greenhill, Anita and Holmes, Kate and Woodcock, Jamie and Lintott, Chris and Simmons, Brooke D and Graham, Gary and Cox, Joe and Oh, Eun Young and Masters, Karen and Lewandowski, Dirk},
  journal={Aslib Journal of Information Management},
  volume={68},
  number={3},
  year={2016},
  publisher={Emerald Group Publishing Limited}
}

@inproceedings{bracey2014evaluation,
  title={Evaluation of a Virtual Citizen Science Facility: A Comprehensive Mixed-Methods Approach},
  author={Bracey, G},
  booktitle={Ensuring Stem Literacy: A National Conference on STEM Education and Public Outreach},
  volume={483},
  pages={233},
  year={2014}
}

@phdthesis{bantawa2014examining,
  title={Examining the structures and practices for knowledge production within Galaxy Zoo: an online citizen science initiative},
  author={Bantawa, Bipana},
  year={2014},
  school={University of Oxford}
}

@article{allchin2010using,
  title={Using a Free Online Citizen-Science Project to Teach Observation \& Quantification of Animal Behavior},
  author={Allchin, Douglas},
  journal={The american biology Teacher},
  volume={72},
  number={9},
  pages={590--592},
  year={2010},
  publisher={University of California Press Journals}
}

@article{graham2015success,
  title={How is success defined and measured in online citizen science: a case study of Zooniverse projects},
  author={Graham, GG and Cox, J and Simmons, Brooke and Lintott, Chris and Masters, Karen and Greenhill, A and Holmes, K},
  journal={Computing in science and engineering},
  number={99},
  pages={22},
  year={2015},
  publisher={IEEE}
}

@article{cox2015defining,
  title={Defining and Measuring Success in Online Citizen Science: A Case Study of Zooniverse Projects},
  author={Cox, Joe and Oh, Eun Young and Simmons, Brooke and Lintott, Chris and Masters, Karen and Greenhill, Anita and Graham, Gary and Holmes, Kate},
  journal={Computing in Science \& Engineering},
  volume={17},
  number={4},
  pages={28--41},
  year={2015},
  publisher={AIP Publishing}
}

@inproceedings{sprinks2015crater,
  title={Is that a Crater? Designing Citizen Science Platforms for the Volunteer and to Improve Results},
  author={Sprinks, J and Houghton, R and Bamford, S and Morley, JG and Wardlaw, J},
  booktitle={European Planetary Science Congress 2015, held 27 September-2 October, 2015 in Nantes, France, Online at http://meetingorganizer. copernicus. org/EPSC2015, id. EPSC2015-694},
  volume={10},
  pages={694},
  year={2015}
}

@article{wendyneon,
  title={NEON education and outreach: Building capacity for using data, engaging communities and participating in citizen science},
  author={Wendy, K and Walton, Jennifer and Henderson, Sandra and Ward, Dennis L}
}

@article{tinati2014collective,
  title={Collective Intelligence in Citizen Science--A Study of Performers and Talkers},
  author={Tinati, Ramine and Simperl, Elena and Luczak-Roesch, Markus and Van Kleek, Max and Shadbolt, Nigel},
  journal={arXiv preprint arXiv:1406.7551},
  year={2014}
}

@article{wigginscrowdsourcing,
  title={Crowdsourcing Science},
  author={Wiggins, Andrea}
}

@article{sprinkscitizen,
  title={Citizen Scientists: The Importance of Being Needed and not Wasted},
  author={Sprinks, James and Houghton, Robert and Bamford, Steven and Morley, Jeremy}
}

@article{sprinks2014impact,
  title={The Impact of Task Workflow Design on VGI Citizen Science Platforms},
  author={Sprinks, James and Morley, Jeremy and Bamford, Steven and Houghton, Robert},
  year={2014}
}

@article{lukyanenko2016crowdsourced,
  title={Is crowdsourced attribute data useful in citizen science? A study of experts and machines},
  author={Lukyanenko, ROMAN and Wiersma, Y and Parsons, JEFFREY},
  journal={Collective Intelligence},
  year={2016}
}

@article{wiggins2010developing,
  title={Developing a conceptual model of virtual organisations for citizen science},
  author={Wiggins, Andrea and Crowston, Kevin},
  journal={International Journal of Organisational Design and Engineering},
  volume={1},
  number={1-2},
  pages={148--162},
  year={2010},
  publisher={Inderscience Publishers}
}

@article{sprinksimpact,
  title={THE IMPACT OF TASK WORKFLOW DESIGN ON CITIZEN SCIENCE USERS AND RESULTS},
  author={Sprinks, James and Houghton, Robert and Bamford, Steven and Morley, Jeremy}
}

@article{raddick2009galaxy,
  title={Galaxy zoo: Exploring the motivations of citizen science volunteers},
  author={Raddick, M Jordan and Bracey, Georgia and Gay, Pamela L and Lintott, Chris J and Murray, Phil and Schawinski, Kevin and Szalay, Alexander S and Vandenberg, Jan},
  journal={arXiv preprint arXiv:0909.2925},
  year={2009}
}

@inproceedings{brown2011motivation,
  title={Motivation of citizen scientists participating in Moon Zoo},
  author={Brown, Shanique and Gay, PL and Daus, CS},
  booktitle={Bulletin of the American Astronomical Society},
  volume={43},
  pages={15814},
  year={2011}
}

@inproceedings{moore2011facebooking,
  title={Facebooking citizen science with the Zooniverse},
  author={Moore, Joseph and Gay, PL and Hogan, K and Lintott, C and Impey, C and Watson, C},
  booktitle={Bulletin of the American Astronomical Society},
  volume={43},
  pages={15813},
  year={2011}
}

@inproceedings{cappadonna2016calls,
  title={Calls from the Wild: Engaging Citizen Scientist with Animal Sounds},
  author={Cappadonna, Jessica L and Brereton, Margot and Watson, David M and Roe, Paul},
  booktitle={Proceedings of the 2016 ACM Conference Companion Publication on Designing Interactive Systems},
  pages={157--160},
  year={2016},
  organization={ACM}
}

@inproceedings{hansen2013mars,
  title={Mars' Seasonal Fans Measured by Citizen Scientists},
  author={Hansen, CJ and Portyankina, G and Aye, KM and Schwamb, ME and Lintott, C and Smith, A},
  booktitle={European Planetary Science Congress 2013, held 8-13 September in London, UK. Online at: http://meetings. copernicus. org/epsc2013, id. EPSC2013-855},
  volume={8},
  pages={855},
  year={2013}
}

@inproceedings{schwamb2014planet,
  title={Planet Hunters: Kepler by Eye},
  author={Schwamb, Megan E and Lintott, C and Fischer, D and Smith, AM and Boyajian, TS and Brewer, JM and Giguere, MJ and Lynn, S and Parrish, M and Schawinski, K and others},
  booktitle={American Astronomical Society Meeting Abstracts\# 223},
  volume={223},
  year={2014}
}

@inproceedings{borden2013educational,
  title={Educational exploration of the zooniverse: Tools for formal and informal audience engagement},
  author={Borden, KA and Kapadia, A and Smith, A and Whyte, L},
  booktitle={Communicating Science: A National Conference on Science Education and Public Outreach},
  volume={473},
  pages={101},
  year={2013}
}

@inproceedings{earle2010twitter,
  title={HOW TWITTER CAN IMPROVE EARTHQUAKE RESPONSE},
  author={EARLE, Paul S},
  booktitle={2010 GSA Denver Annual Meeting},
  year={2010}
}

@inproceedings{schwamb2015planet,
  title={Planet Hunters 2 in the K2 Era},
  author={Schwamb, Megan E and Fischer, Debra and Boyajian, Tabetha S and Giguere, Matthew J and Ishikawa, Sascha and Lintott, Chris and Lynn, Stuart and Schmitt, Joseph and Snyder, Chris and Wang, Ji and others},
  booktitle={American Astronomical Society Meeting Abstracts},
  volume={225},
  year={2015}
}

@article{chalasanipowering,
  title={Powering citizen science with inference clouds},
  author={Chalasani, TD and Maddah, M and Lukyanenko, R}
}

@inproceedings{gay2012cosmoquest,
  title={CosmoQuest: A Virtual Facility for Learning and Doing Science},
  author={Gay, P and Lehan, C and Bracey, G and Gugiucci, N},
  booktitle={European Planetary Science Congress 2012},
  volume={1},
  pages={653},
  year={2012}
}

@inproceedings{gibbs2013collaboration,
  title={Collaboration in teacher workshops and citizen science},
  author={Gibbs, MG and Buxner, S and Gay, P and Crown, DA and Bracey, G and Gugliucci, N and Costello, K and Reilly, E},
  booktitle={AGU Fall Meeting Abstracts},
  volume={1},
  pages={0589},
  year={2013}
}

@inproceedings{henderson2012neon,
  title={NEON's Citizen Science Academy: Exploring online professional development courses for educators to enhance participation},
  author={Henderson, S and Ward, D and Wasser, L and Meymaris, K and Newman, SJ},
  booktitle={AGU Fall Meeting Abstracts},
  volume={1},
  pages={03},
  year={2012}
}

@article{barmby2011citizen,
  title={"Citizen science" projects for non-science astronomy students},
  author={Barmby, Pauline and Cami, Jan and Gallagher, Sarah C},
  year={2011}
}

@inproceedings{lewis2010earthtrek,
  title={EarthTrek-A NEW GLOBAL CITIZEN SCIENCE PORTAL THAT HELPS SCIENTISTS TO ENGAGE THE PUBLIC IN REAL RESEARCH},
  author={LEWIS, Gary B},
  booktitle={2010 GSA Denver Annual Meeting},
  year={2010}
}

@inproceedings{gugliucci2013study,
  title={Study of Citizen Scientist Motivations and Effectiveness of Social Media Campaigns},
  author={Gugliucci, Nicole E and Gay, PL and Bracey, G and Lehan, C and Lewis, S and Moore, J and Rhea, J},
  booktitle={American Astronomical Society Meeting Abstracts\# 221},
  volume={221},
  year={2013}
}

@inproceedings{gay2009motivations,
  title={Motivations of Citizen Scientists Participating in Galaxy Zoo},
  author={Gay, Pamela L and Bracey, GL and Raddick, MJ},
  booktitle={American Astronomical Society Meeting Abstracts\# 214},
  volume={214},
  year={2009}
}

@inproceedings{walker2010globe,
  title={THE GLOBE AT NIGHT CAMPAIGN: SHEDDING LIGHT on LIGHT POLLUTION},
  author={WALKER, Constance E},
  booktitle={2010 GSA Denver Annual Meeting},
  year={2010}
}

@inproceedings{bracey2009motivations,
  title={Motivations of Citizen Scientists Participating in Galaxy Zoo},
  author={Bracey, Georgia and Raddick, MJ and Gay, PL},
  booktitle={Bulletin of the American Astronomical Society},
  volume={41},
  pages={262},
  year={2009}
}

@inproceedings{schwamb2013planet,
  title={Planet Hunters in the Kepler Extended Mission},
  author={Schwamb, Megan E and Lintott, CJ and Fischer, D and Brewer, JM and Giguere, MJ and Lynn, S and Parrish, M and Schawinski, K and Simpson, R and Smith, AM and others},
  booktitle={American Astronomical Society Meeting Abstracts\# 221},
  volume={221},
  year={2013}
}

@inproceedings{gugliucci2012citizen,
  title={Citizen Science and Planetary Science Education through CosmoQuest},
  author={Gugliucci, N and Gay, P and Bracey, G and Costello, K and Lehan, C and Moore, J and Reilly, E},
  booktitle={AGU Fall Meeting Abstracts},
  volume={1},
  pages={03},
  year={2012}
}

@inproceedings{raddick2009can,
  title={How Can Citizen Science Participation Improve Science Learning?},
  author={Raddick, Jordan and Carney, K and Fortson, LF and Gay, PL and Lintott, CJ and Team, Galaxy Zoo},
  booktitle={Bulletin of the American Astronomical Society},
  volume={41},
  pages={422},
  year={2009}
}

@inproceedings{tinati2014motivations,
  title={Motivations of citizen scientists: A quantitative investigation of forum participation},
  author={Tinati, Ramine and Luczak-Roesch, Markus and Simperl, Elena and Shadbolt, Nigel},
  booktitle={Proceedings of the 2014 ACM conference on Web science},
  pages={295--296},
  year={2014},
  organization={ACM}
}

@inproceedings{slater2010dreamers,
  title={Dreamers, Poets, Citizens, and Scientists: Motivations for Engaging in GalaxyZoo Citizen Science},
  author={Slater, SJ and Mankowski, T and Slater, TF and others},
  booktitle={AGU Fall Meeting Abstracts},
  volume={1},
  pages={03},
  year={2010}
}

@inproceedings{tinati2015command,
  title={/Command'and conquer: analysing discussion in a citizen science game},
  author={Tinati, Ramine and Luczak-R{\"o}sch, Markus and Simperl, E and Hall, Wendy and Shadbolt, Nigel},
  booktitle={ACM Web Science Conference 2015},
  year={2015}
}

@article{minkmanaq,
  title={AQ methodological approach to identify practitioners’ viewpoints on citizen science in Dutch regional water resource management},
  author={Minkman, E and Rutten, MM and van der Sanden, MCA}
}

@inproceedings{iacovides2013games,
  title={Do games attract or sustain engagement in citizen science?: a study of volunteer motivations},
  author={Iacovides, Ioanna and Jennett, Charlene and Cornish-Trestrail, Cassandra and Cox, Anna L},
  booktitle={CHI'13 Extended Abstracts on Human Factors in Computing Systems},
  pages={1101--1106},
  year={2013},
  organization={ACM}
}

@article{stancioffsigns,
  title={Signs of the Seasons: A Maine Phenology Project},
  author={Stancioff, Esperanza and Steinman, Medea and Bisson, Beth and Miller, Abraham J}
}

@inproceedings{kim2013sensr,
  title={Sensr: evaluating a flexible framework for authoring mobile data-collection tools for citizen science},
  author={Kim, Sunyoung and Mankoff, Jennifer and Paulos, Eric},
  booktitle={Proceedings of the 2013 conference on Computer supported cooperative work},
  pages={1453--1462},
  year={2013},
  organization={ACM}
}

@inproceedings{bracey2012citizen,
  title={Citizen Science: Mapping the Moon and Mercury},
  author={Bracey, G and Costello, K and Gay, P and Reilly, E},
  booktitle={Connecting People to Science: A National Conference on Science Education and Public Outreach},
  volume={457},
  pages={93},
  year={2012}
}

@article{yadav2016design,
  title={Design Guidelines for the User-Centred Collaborative Citizen Science Platforms},
  author={Yadav, Poonam and Darlington, John},
  journal={arXiv preprint arXiv:1605.00910},
  year={2016}
}

@inproceedings{osterlund2014socializing,
  title={Socializing the Crowd: Learning to talk in citizen science},
  author={{\O}sterlund, Carsten and Mugar, Gabriel and Jackson, Corey Brian and Hassman, KD and Crowston, Kevin},
  booktitle={Academy of Management Annual Meeting, OCIS Division, Philadelphia, PA},
  year={2014}
}

@article{lukyanenko2016emerging,
  title={Emerging problems of data quality in citizen science},
  author={Lukyanenko, Roman and Parsons, Jeffrey and Wiersma, Yolanda F},
  journal={Conservation Biology},
  volume={30},
  number={3},
  pages={447--449},
  year={2016},
  publisher={Wiley Online Library}
}

@inproceedings{liu2011going,
  title={Going beyond citizen data collection with mapster: a mobile+ cloud real-time citizen science experiment},
  author={Liu, Yong and Piyawongwisal, Pratch and Handa, Sahil and Yu, Liang and Xu, Yan and Samuel, Arjmand},
  booktitle={e-Science Workshops (eScienceW), 2011 IEEE Seventh International Conference on},
  pages={1--6},
  year={2011},
  organization={IEEE}
}

@inproceedings{panchariya2015current,
  title={Current Developments in Big Data and Sustainability Sciences in Mobile Citizen Science Applications},
  author={Panchariya, Nikita S and DeStefano, Andrew J and Nimbagal, Varsha and Ragupathy, Revathi and Yavuz, Serkan and Herbert, Katherine G and Hill, Emily and Fails, Jerry Alan},
  booktitle={Big Data Computing Service and Applications (BigDataService), 2015 IEEE First International Conference on},
  pages={202--212},
  year={2015},
  organization={IEEE}
}

@article{jackson2016guess,
  title={“Guess what! You’re the first to see this event”: Increasing Contribution to Online Production Communities},
  author={Jackson, Corey and Crowston, Kevin and Mugar, Gabriel and {\O}sterlund, Carsten},
  year={2016}
}

@inproceedings{jackson2016encouraging,
  title={Encouraging Work in Citizen Science: Experiments in Goal Setting and Anchoring},
  author={Jackson, Corey and Mugar, Gabriel and Crowston, Kevin and {\O}sterlund, Carsten},
  booktitle={Proceedings of the 19th ACM Conference on Computer Supported Cooperative Work and Social Computing Companion},
  pages={297--300},
  year={2016},
  organization={ACM}
}

@article{jennett2014exploring,
  title={Exploring citizen psych-science and the motivations of errordiary volunteers},
  author={Jennett, CHARLENE and Furniss, DOMINIC and Iacovides, IOANNA and Wiseman, SARAH and Gould, SANDY JJ and Cox, ANNA L},
  journal={Human Computation},
  volume={1},
  number={2},
  pages={200--218},
  year={2014}
}

@inproceedings{eveleigh2014designing,
  title={Designing for dabblers and deterring drop-outs in citizen science},
  author={Eveleigh, Alexandra and Jennett, Charlene and Blandford, Ann and Brohan, Philip and Cox, Anna L},
  booktitle={Proceedings of the 32nd annual ACM conference on Human factors in computing systems},
  pages={2985--2994},
  year={2014},
  organization={ACM}
}

@inproceedings{wiggins2012goals,
  title={Goals and tasks: Two typologies of citizen science projects},
  author={Wiggins, Andrea and Crowston, Kevin},
  booktitle={System Science (HICSS), 2012 45th Hawaii International Conference on},
  pages={3426--3435},
  year={2012},
  organization={IEEE}
}

@inproceedings{tinati2015exploring,
  title={Exploring the global adoption of citizen science},
  author={Tinati, Ramine and Luczak-Roesch, Markus and Simperl, Elena and Hall, Wendy},
  booktitle={Computational Social Science Winter Symposium},
  year={2015}
}

@inproceedings{wiggins2010distributed,
  title={Distributed scientific collaboration: research opportunities in citizen science},
  author={Wiggins, Andrea and Crowston, Kevin},
  booktitle={Proceedings of ACM CSCW 2010 workshop on the changing dynamics of scientific collaborations},
  year={2010}
}

@article{strien2013opportunistic,
  title={Opportunistic citizen science data of animal species produce reliable estimates of distribution trends if analysed with occupancy models},
  author={Strien, Arco J and Swaay, Chris AM and Termaat, Tim},
  journal={Journal of Applied Ecology},
  volume={50},
  number={6},
  pages={1450--1458},
  year={2013},
  publisher={Wiley Online Library}
}

@inproceedings{alabri2010enhancing,
  title={Enhancing the quality and trust of citizen science data},
  author={Alabri, Abdulmonem and Hunter, Jane},
  booktitle={e-Science (e-Science), 2010 IEEE Sixth International Conference on},
  pages={81--88},
  year={2010},
  organization={IEEE}
}

@inproceedings{kim2012flexible,
  title={A flexible tool for participating, authoring, and managing citizen science campaigns on-the-go},
  author={Kim, Sunyoung},
  booktitle={Proceedings of the 2012 ACM Conference on Ubiquitous Computing},
  pages={556--559},
  year={2012},
  organization={ACM}
}

@article{bradycrowdsourcing,
  title={Crowdsourcing the Analysis of Retinal Imaging Data},
  author={BRADY, CHRISTOPHER J}
}

@incollection{lukyanenko2011citizen,
  title={Citizen science 2.0: Data management principles to harness the power of the crowd},
  author={Lukyanenko, Roman and Parsons, Jeffrey and Wiersma, Yolanda},
  booktitle={Service-Oriented Perspectives in Design Science Research},
  pages={465--473},
  year={2011},
  publisher={Springer}
}

@article{joy2011moon,
  title={Moon Zoo: citizen science in lunar exploration},
  author={Joy, Katherine and Crawford, Ian and Grindrod, Peter and Lintott, Chris and Bamford, Steven and Smith, Arfon and Cook, Anthony and Antonenko, Irene and Balfanz, Ryan and Balme, Matt and others},
  journal={Astronomy \& Geophysics},
  volume={52},
  number={2},
  pages={2--10},
  year={2011},
  publisher={Oxford University Press}
}

@article{toerpe2013rise,
  title={The rise of citizen science},
  author={Toerpe, Kathleen},
  journal={The Futurist},
  volume={47},
  number={4},
  pages={25},
  year={2013},
  publisher={World Future Society}
}

@article{bowser2014sharing,
  title={Sharing data while protecting privacy in citizen science},
  author={Bowser, Anne and Wiggins, Andrea and Shanley, Lea and Preece, Jennifer and Henderson, Sandra},
  journal={interactions},
  volume={21},
  number={1},
  pages={70--73},
  year={2014},
  publisher={ACM}
}

@article{prestopnik2014exploring,
  title={Exploring data quality in games with a purpose},
  author={Prestopnik, Nathan and Crowston, Kevin and Wang, Jun},
  journal={iConference 2014 Proceedings},
  year={2014},
  publisher={iSchools}
}

@article{trautmann2012investigating,
  title={Investigating local bird species through citizen science},
  author={Trautmann, Nancy and Fee, Jennifer and Kahler, Phil},
  year={2012}
}

@article{courter2013weekend,
  title={Weekend bias in Citizen Science data reporting: implications for phenology studies},
  author={Courter, Jason R and Johnson, Ron J and Stuyck, Claire M and Lang, Brian A and Kaiser, Evan W},
  journal={International journal of biometeorology},
  volume={57},
  number={5},
  pages={715--720},
  year={2013},
  publisher={Springer}
}

@article{hunter2013assessing,
  title={Assessing the quality and trustworthiness of citizen science data},
  author={Hunter, Jane and Alabri, Abdulmonem and Ingen, Catharine},
  journal={Concurrency and Computation: Practice and Experience},
  volume={25},
  number={4},
  pages={454--466},
  year={2013},
  publisher={Wiley Online Library}
}

@article{catlin2012citizen,
  title={The citizen science landscape: from volunteers to citizen sensors and beyond},
  author={Catlin-Groves, Christina L},
  journal={International Journal of Zoology},
  volume={2012},
  year={2012},
  publisher={Hindawi Publishing Corporation}
}

@inproceedings{raddick2010motivations,
  title={Motivations of Citizen Scientists Participating in Galaxy Zoo: A More Detailed Look},
  author={Raddick, Jordan and Bracey, GL and Gay, PL},
  booktitle={Bulletin of the American Astronomical Society},
  volume={42},
  pages={509},
  year={2010}
}

@article{prestopnik2013data,
  title={Data quality in purposeful games},
  author={Prestopnik, Nathan Richard and Crowston, Kevin and Wang, Jun},
  journal={computing},
  volume={1},
  pages={2},
  year={2013},
  publisher={Citeseer}
}

@article{mankowski2011interpretive,
  title={An interpretive study of meanings citizen scientists make when participating in Galaxy Zoo},
  author={Mankowski, Trent A and Slater, Stephanie J and Slater, Timothy F},
  journal={Contemporary Issues in Education Research},
  volume={4},
  number={4},
  pages={25},
  year={2011},
  publisher={Clute Institute for Academic Research}
}

@inproceedings{jackson2014motivations,
  title={Motivations for sustained participation in citizen science: Case studies on the role of talk},
  author={Jackson, Corey and {\O}sterlund, Carsten and Crowston, Kevin and Mugar, Gabriel and Hassman, KD},
  booktitle={17th ACM Conference on Computer Supported Cooperative Work \& Social Computing},
  year={2014},
  organization={Citeseer}
}

@article{bowser2013new,
  title={New visions in citizen science},
  author={Bowser, Anne and Shanley, Lea},
  journal={Case Study Series},
  volume={3},
  year={2013}
}

@article{banks2013exploring,
  title={Exploring the Zooniverse},
  author={Banks, Michael},
  journal={Physics World},
  volume={26},
  number={10},
  pages={65},
  year={2013},
  publisher={IOP Publishing}
}

@article{kerton2015milky,
  title={The Milky Way Project: What are Yellowballs?},
  author={Kerton, CR and Wolf-Chase, G and Arvidsson, K and Lintott, CJ and Simpson, RJ},
  journal={The Astrophysical Journal},
  volume={799},
  number={2},
  pages={153},
  year={2015},
  publisher={IOP Publishing}
}

@article{swansonserengeti,
  title={Serengeti Live: Engaging the public in science through exploration and discovery},
  author={Swanson, Alexandra B}
}

@article{fink2012exploratory,
  title={Exploratory analysis and inference with broad-scale citizen science data},
  author={Fink, Daniel and Hochachka, W and Damoulas, Theodoros and Dave, Jaimin and Kelling, Steve},
  journal={Ecological Society of America,(ESA 2012)},
  year={2012}
}

@inproceedings{bugiolacchi2013moon,
  title={Moon Zoo: a Citizen Science Project},
  author={Bugiolacchi, R and Crawford, IA and Joy, KH},
  booktitle={European Planetary Science Congress 2013, held 8-13 September in London, UK. Online at: http://meetings. copernicus. org/epsc2013, id. EPSC2013-237},
  volume={8},
  pages={237},
  year={2013}
}

@article{sorensen2016exploring,
  title={Exploring the quantum speed limit with computer games},
  author={S{\o}rensen, Jens Jakob WH and Pedersen, Mads Kock and Munch, Michael and Haikka, Pinja and Jensen, Jesper Halkj{\ae}r and Planke, Tilo and Andreasen, Morten Ginnerup and Gajdacz, Miroslav and M{\o}lmer, Klaus and Lieberoth, Andreas and others},
  journal={Nature},
  volume={532},
  number={7598},
  pages={210--213},
  year={2016},
  publisher={Nature Publishing Group}
}

@article{silvertown2009new,
  title={A new dawn for citizen science},
  author={Silvertown, Jonathan},
  journal={Trends in ecology \& evolution},
  volume={24},
  number={9},
  pages={467--471},
  year={2009},
  publisher={Elsevier}
}

@techreport{nellist2016involving,
  title={Involving other communities through challenges and cooperation},
  author={Nellist, Clara and ATLAS Collaboration and others},
  year={2016},
  institution={ATL-COM-OREACH-2016-002}
}

@inproceedings{wiggins2011mechanisms,
  title={Mechanisms for data quality and validation in citizen science},
  author={Wiggins, Andrea and Newman, Greg and Stevenson, Robert D and Crowston, Kevin},
  booktitle={e-Science Workshops (eScienceW), 2011 IEEE Seventh International Conference on},
  pages={14--19},
  year={2011},
  organization={IEEE}
}

@article{conrad2011review,
  title={A review of citizen science and community-based environmental monitoring: issues and opportunities},
  author={Conrad, Cathy C and Hilchey, Krista G},
  journal={Environmental monitoring and assessment},
  volume={176},
  number={1-4},
  pages={273--291},
  year={2011},
  publisher={Springer}
}




